@article{author2024title,
  title={title111},
  author={name111},
  journal={book name},
  volume={57},
  number={2},
  pages={123-456},
  year={2024},
  publisher={publisher name}
}

@book{author2023book,
  title={book title},
  author={author name},
  year={2023},
  publisher={publisher}
}
